@inproceedings{tsudik2016ac3n,
  title={AC3N: Anonymous communication in Content-Centric Networking},
  author={Tsudik, Gene and Uzun, Ersin and Wood, Christopher A},
  booktitle={2016 13th IEEE Annual Consumer Communications \& Networking Conference (CCNC)},
  pages={988--991},
  year={2016},
  organization={IEEE}
}

@article{dibenedetto2011andana,
  title={ANDaNA: Anonymous named data networking application},
  author={DiBenedetto, Steven and Gasti, Paolo and Tsudik, Gene and Uzun, Ersin},
  journal={arXiv preprint arXiv:1112.2205},
  year={2011}
}

@article{khanvilkar2004virtual,
  title={Virtual private networks: an overview with performance evaluation},
  author={Khanvilkar, Shashank and Khokhar, Ashfaq},
  journal={IEEE Communications Magazine},
  volume={42},
  number={10},
  pages={146--154},
  year={2004},
  publisher={IEEE}
}